@book{adams1995hitchhiker,
  title={The Hitchhiker's Guide to the Galaxy},
  author={Adams, D.},
  isbn={9781417642595},
  url={http://books.google.com/books?id=W-xMPgAACAAJ},
  year={1995},
  publisher={San Val}
}
@article{brin_page_1998, title={The anatomy of a large-scale hypertextual Web search engine}, volume={30}, DOI={10.1016/s0169-7552(98)00110-x}, number={1-7}, journal={Computer Networks and ISDN Systems}, author={Brin, Sergey and Page, Lawrence}, year={1998}, pages={107-117} }
@book{robinson2013graph,
  title={Graph databases},
  author={Robinson, Ian and Webber, Jim and Eifrem, Emil},
  year={2013},
  publisher={" O'Reilly Media, Inc."}
}

@book{needham2019graph,
  title={Graph Algorithms: Practical Examples in Apache Spark and Neo4j},
  author={Needham, Mark and Hodler, Amy E},
  year={2019},
  publisher={O'Reilly Media}
}